@MISC{boyd-lds-2008,
    author = {Stephen Boyd},
    title = {Lecture Collection | Linear Dynamical Systems},
    year = {2008},
    month = July,
    howpublished = {\url{https://www.youtube.com/watch?v=bf1264iFr-w&list=PL06960BA52D0DB32B}}
}


